

@article{Aasen2020Defect,
  author = { Aasen, David and Bulmash, Daniel and Prem, Abhinav and Slagle, Kevin and Williamson, Dominic J. },
  title = { Topological defect networks for fractons of all types },
  journal = { Phys. Rev. Research },
  year = { 2020 },
  volume = { 2 },
  issue = { 4 },
  pages = { 043165 },
  doi = {10.1103/PhysRevResearch.2.043165},
  url = {http://doi.org/10.1103/PhysRevResearch.2.043165},
}

@article{Abanin2017Rigorous,
  title={A rigorous theory of many-body prethermalization for periodically driven and closed quantum systems},
  author={Abanin, Dmitry and De Roeck, Wojciech and Ho, Wen Wei and Huveneers, Fran{\c{c}}ois},
  journal={Communications in Mathematical Physics},
  volume={354},
  number={3},
  pages={809--827},
  year={2017},
  publisher={Springer},
  doi={10.1007/s00220-017-2930-x}
}

@article{Abanin2019MBL,
  title={Colloquium: Many-body localization, thermalization, and entanglement},
  author={Abanin, Dmitry A and Altman, Ehud and Bloch, Immanuel and Serbyn, Maksym},
  journal={Reviews of Modern Physics},
  volume={91},
  number={2},
  pages={021001},
  year={2019},
  publisher={APS},
  doi = {10.1103/RevModPhys.91.021001}
}

@article{Barkeshli2019Fractionalization,
  author = { Barkeshli, Maissam and Bonderson, Parsa and Cheng, Meng and Wang, Zhenghan },
  title = { Symmetry fractionalization, defects, and gauging of topological phases },
  journal = { Phys. Rev. B },
  year = { 2019 },
  volume = { 100 },
  issue = { 11 },
  pages = { 115147 },
  doi = {10.1103/PhysRevB.100.115147},
  url = {http://doi.org/10.1103/PhysRevB.100.115147},
}

@article{Batista2005Generalized,
  doi = {10.1103/physrevb.72.045137},
  url = {https://doi.org/10.1103/physrevb.72.045137},
  year = {2005},
  month = jul,
  publisher = {American Physical Society ({APS})},
  volume = {72},
  number = {4},
  author = {C. D. Batista and Zohar Nussinov},
  title = {Generalized Elitzur's theorem and dimensional reductions},
  journal = {Physical Review B}
}

@book{Baxter2016Exactly,
  title={Exactly solved models in statistical mechanics},
  author={Baxter, Rodney J},
  year={2016},
  publisher={Elsevier},
  isbn = {9780486462714}
}

@article{Becker2013Dynamic,
  doi = {10.1103/physreva.87.042340},
  url = {https://doi.org/10.1103/physreva.87.042340},
  year = {2013},
  month = apr,
  publisher = {American Physical Society ({APS})},
  volume = {87},
  number = {4},
  author = {Daniel Becker and Tetsufumi Tanamoto and Adrian Hutter and Fabio L. Pedrocchi and Daniel Loss},
  title = {Dynamic generation of topologically protected self-correcting quantum memory},
  journal = {Physical Review A}
}

@article{BernalFowler1933,
author = {Bernal,J. D.  and Fowler,R. H. },
title = {A Theory of Water and Ionic Solution, with Particular Reference to Hydrogen and Hydroxyl Ions},
journal = {The Journal of Chemical Physics},
volume = {1},
number = {8},
pages = {515-548},
year = {1933},
doi = {10.1063/1.1749327},
URL = {https://doi.org/10.1063/1.1749327}
}

@article{Bombin2013Self,
  doi = {10.1088/1367-2630/15/5/055023},
  url = {https://doi.org/10.1088/1367-2630/15/5/055023},
  year = {2013},
  month = may,
  publisher = {{IOP} Publishing},
  volume = {15},
  number = {5},
  pages = {055023},
  author = {H Bomb\'{\i}n and R W Chhajlany and M Horodecki and M A Martin-Delgado},
  title = {Self-correcting quantum computers},
  journal = {New Journal of Physics}
}

@article{Bombin2006Color,
  doi = {10.1103/physrevlett.97.180501},
  url = {https://doi.org/10.1103/physrevlett.97.180501},
  year = {2006},
  month = oct,
  publisher = {American Physical Society ({APS})},
  volume = {97},
  number = {18},
  author = {H. Bomb\'{\i}n and M. A. Martin-Delgado},
  title = {Topological Quantum Distillation},
  journal = {Physical Review Letters}
}

@article{Bombin2007Exact,
  doi = {10.1103/physrevb.75.075103},
  url = {https://doi.org/10.1103/physrevb.75.075103},
  year = {2007},
  month = feb,
  publisher = {American Physical Society ({APS})},
  volume = {75},
  number = {7},
  author = {H. Bomb\'{\i}n and M. A. Martin-Delgado},
  title = {Exact topological quantum order in {D}=3 and beyond: Branyons and brane-net condensates},
  journal = {Physical Review B}
}

@article{Bombin2015SingleShot,
  title = {Single-Shot Fault-Tolerant Quantum Error Correction},
  author = {Bomb\'{\i}n, H\'ector},
  journal = {Phys. Rev. X},
  volume = {5},
  issue = {3},
  pages = {031043},
  numpages = {26},
  year = {2015},
  month = {Sep},
  publisher = {American Physical Society},
  doi = {10.1103/PhysRevX.5.031043},
  url = {https://link.aps.org/doi/10.1103/PhysRevX.5.031043}
}

@article{Bombin2015Gauge,
	doi = {10.1088/1367-2630/17/8/083002},
	url = {https://doi.org/10.1088/1367-2630/17/8/083002},
	year = {2015},
	month = aug,
	publisher = {{IOP} Publishing},
	volume = {17},
	number = {8},
	pages = {083002},
	author = {H{\'{e}}ctor Bomb{\'{\i}}n},
	title = {Gauge color codes: optimal transversal gates and gauge fixing in topological stabilizer codes},
	journal = {New Journal of Physics}
}

@misc{Bravyi1998Quantum,
      title={Quantum codes on a lattice with boundary}, 
      author={S. B. Bravyi and A. Yu. Kitaev},
      year={1998},
      eprint={quant-ph/9811052},
      archivePrefix={arXiv},
      primaryClass={quant-ph}
}

@article{Bravyi2013STC,
  author = { Bravyi, Sergey and Duclos-Cianci, Guillaume and Poulin, David and Suchara, Martin },
  title = { Subsystem surface codes with three-qubit check operators },
  journal = { QIC },
  year = { 2013 },
  volume = { 13 },
  issue = { 11\&amp;12 },
  pages = { 963--985 },
  doi = {10.26421/QIC13.11-12-4},
  url = {http://doi.org/10.26421/QIC13.11-12-4},
}

@misc{Bridgeman2023Lifting,
    Author = {Jacob C. Bridgeman and Aleksander Kubica and Michael Vasmer},
    Title = {Lifting topological codes: {T}hree-dimensional subsystem codes from two-dimensional anyon models},
    Year = {2023},
    Eprint = {arXiv:2305.06365},
}

@article{Brown2016Finite,
  author = { Brown, Benjamin J. and Loss, Daniel and Pachos, Jiannis K. and Self, Chris N. and Wootton, James R. },
  title = { Quantum memories at finite temperature },
  journal = { Rev. Mod. Phys. },
  year = { 2016 },
  volume = { 88 },
  issue = { 4 },
  pages = { 045005 },
  doi = {10.1103/RevModPhys.88.045005},
  url = {http://doi.org/10.1103/RevModPhys.88.045005},
}

@article{Brown2020Universal,
  author = { Brown, Benjamin J. and Roberts, Sam },
  title = { Universal fault-tolerant measurement-based quantum computation },
  journal = { Phys. Rev. Research },
  year = { 2020 },
  volume = { 2 },
  issue = { 3 },
  pages = { 033305 },
  doi = {10.1103/PhysRevResearch.2.033305},
  url = {http://doi.org/10.1103/PhysRevResearch.2.033305},
}

@misc{Bulmash2023Multipole,
  Author = {Daniel Bulmash and Oliver Hart and Rahul Nandkishore},
  Title = {Multipole groups and fracton phenomena on arbitrary crystalline lattices},
  Year = {2023},
  Eprint = {arXiv:2301.10782},
}

@article{Burnell2014Soluble,
  doi = {10.1103/physrevb.90.245122},
  url = {https://doi.org/10.1103/physrevb.90.245122},
  year = {2014},
  month = dec,
  publisher = {American Physical Society ({APS})},
  volume = {90},
  number = {24},
  author = {F. J. Burnell and Xie Chen and Lukasz Fidkowski and Ashvin Vishwanath},
  title = {Exactly soluble model of a three-dimensional symmetry-protected topological phase of bosons with surface topological order},
  journal = {Physical Review B}
}

@article{Burnell2018Condensation,
  author = { Burnell, F.J. },
  title = { Anyon Condensation and Its Applications },
  journal = { Annu. Rev. Condens. Matter Phys. },
  year = { 2018 },
  volume = { 9 },
  issue = { 1 },
  pages = { 307--327 },
  doi = {10.1146/annurev-conmatphys-033117-054154},
  url = {http://doi.org/10.1146/annurev-conmatphys-033117-054154},
}

@misc{Caha2018PairFlip,
  Author = {Libor Caha and Daniel Nagaj},
  Title = {The pair-flip model: a very entangled translationally invariant spin chain},
  Year = {2018},
  Eprint = {arXiv:1805.07168},
}

@article{Calderbank1996CSS,
  author = { Calderbank, A. R. and Shor, Peter W. },
  title = { Good quantum error-correcting codes exist },
  journal = { Phys. Rev. A },
  year = { 1996 },
  volume = { 54 },
  issue = { 2 },
  pages = { 1098--1105 },
  doi = {10.1103/PhysRevA.54.1098},
  url = {http://doi.org/10.1103/PhysRevA.54.1098},
}

@article{CastelnovoChamon2008,
	Author = {Castelnovo, Claudio and Chamon, Claudio},
	Doi = {10.1103/PhysRevB.78.155120},
	Issue = {15},
	Journal = {Phys. Rev. B},
	Month = {Oct},
	Numpages = {26},
	Pages = {155120},
	Publisher = {American Physical Society},
	Title = {Topological order in a three-dimensional toric code at finite temperature},
	Url = {http://link.aps.org/doi/10.1103/PhysRevB.78.155120},
	Volume = {78},
	Year = {2008},
	Bdsk-Url-1 = {http://link.aps.org/doi/10.1103/PhysRevB.78.155120},
	Bdsk-Url-2 = {http://dx.doi.org/10.1103/PhysRevB.78.155120}
}

@article{Chandran2023Scars,
	author = {Chandran, Anushya and Iadecola, Thomas and Khemani, Vedika and Moessner, Roderich},
	title = {Quantum Many-Body Scars: A Quasiparticle Perspective},
	journal = {Annual Review of Condensed Matter Physics},
	volume = {14},
	number = {1},
	pages = {443-469},
	year = {2023},
	doi = {10.1146/annurev-conmatphys-031620-101617},
	URL = {https://doi.org/10.1146/annurev-conmatphys-031620-101617}
}

@article{Chen2013Cohomology,
	Author = {Chen, Xie and Gu, Zheng-Cheng and Liu, Zheng-Xin and Wen, Xiao-Gang},
	Doi = {10.1103/PhysRevB.87.155114},
	Issue = {15},
	Journal = {Phys. Rev. B},
	Month = {Apr},
	Numpages = {48},
	Pages = {155114},
	Publisher = {American Physical Society},
	Title = {Symmetry protected topological orders and the group cohomology of their symmetry group},
	Url = {http://link.aps.org/doi/10.1103/PhysRevB.87.155114},
	Volume = {87},
	Year = {2013},
	Bdsk-Url-1 = {http://link.aps.org/doi/10.1103/PhysRevB.87.155114},
	Bdsk-Url-2 = {http://dx.doi.org/10.1103/PhysRevB.87.155114}
}

@article{Chen2014Anomalous,
	Author = {Chen, Xie and Burnell, Fiona J and Vishwanath, Ashvin and Fidkowski, Lukasz},
	Journal = {arXiv preprint arXiv:1403.6491},
	Title = {Anomalous Symmetry Fractionalization and Surface Topological Order},
	Year = {2014}
}

@article{Chesi2010Self,
  doi = {10.1103/physreva.82.022305},
  url = {https://doi.org/10.1103/physreva.82.022305},
  year = {2010},
  month = aug,
  publisher = {American Physical Society ({APS})},
  volume = {82},
  number = {2},
  author = {Stefano Chesi and Beat R\"{o}thlisberger and Daniel Loss},
  title = {Self-correcting quantum memory in a thermal environment},
  journal = {Physical Review A}
}

@misc{Cordova2022Generalized,
  Author = {Clay Cordova and Thomas T. Dumitrescu and Kenneth Intriligator and Shu-Heng Shao},
  Title = {Snowmass White Paper: Generalized Symmetries in Quantum Field Theory and Beyond},
  Year = {2022},
  Eprint = {arXiv:2205.09545},
}

@article{Creutz1979,
  author = { Creutz, Michael and Jacobs, Laurence and Rebbi, Claudio },
  title = { Experiments with a Gauge-Invariant {I}sing System },
  journal = { Phys. Rev. Lett. },
  year = { 1979 },
  volume = { 42 },
  issue = { 21 },
  pages = { 1390--1393 },
  doi = {10.1103/PhysRevLett.42.1390},
  url = {http://doi.org/10.1103/PhysRevLett.42.1390},
}

@article{Crossley2017Effective,
  author = { Crossley, Michael and Glorioso, Paolo and Liu, Hong },
  title = { Effective field theory of dissipative fluids },
  journal = { J. High Energ. Phys. },
  year = { 2017 },
  volume = { 2017 },
  issue = { 9 },
  doi = {10.1007/JHEP09(2017)095},
  pages={95},
  url = {http://doi.org/10.1007/JHEP09(2017)095},
}

@article{Dennis2002Topological,
  author = { Dennis, Eric and Kitaev, Alexei and Landahl, Andrew and Preskill, John },
  title = { Topological quantum memory },
  journal = { Journal of Mathematical Physics },
  year = { 2002 },
  volume = { 43 },
  issue = { 9 },
  pages = { 4452--4505 },
  doi = {10.1063/1.1499754},
  url = {http://doi.org/10.1063/1.1499754},
}

@article{DeWolfe2023Entropy,
  author = { DeWolfe, Oliver and Higginbotham, Kenneth },
  title = { Entanglement entropy and non-local duality: {Q}uantum channels and quantum algebras },
  journal = { Annals of Physics },
  year = { 2023 },
  volume = { 448 },
  pages = { 169196 },
  doi = {10.1016/j.aop.2022.169196},
  url = {http://doi.org/10.1016/j.aop.2022.169196},
}

@article{EastinKnill2009,
  author = { Eastin, Bryan and Knill, Emanuel },
  title = { Restrictions on Transversal Encoded Quantum Gate Sets },
  journal = { Phys. Rev. Lett. },
  year = { 2009 },
  volume = { 102 },
  issue = { 11 },
  pages = { 110502 },
  doi = {10.1103/PhysRevLett.102.110502},
  url = {http://doi.org/10.1103/PhysRevLett.102.110502},
}

@misc{Ellison2022Subsystem,
    Author = {Tyler D. Ellison and Yu-An Chen and Arpit Dua and Wilbur Shirley and Nathanan Tantivasadakarn and Dominic J. Williamson},
    Title = {Pauli topological subsystem codes from {A}belian anyon theories},
    Year = {2022},
    Eprint = {arXiv:2211.03798},
}

@article{Feldmeier2020Anomalous,
  title = {Anomalous Diffusion in Dipole- and Higher-Moment-Conserving Systems},
  author = {Feldmeier, Johannes and Sala, Pablo and De Tomasi, Giuseppe and Pollmann, Frank and Knap, Michael},
  journal = {Phys. Rev. Lett.},
  volume = {125},
  issue = {24},
  pages = {245303},
  numpages = {6},
  year = {2020},
  month = {Dec},
  publisher = {American Physical Society},
  doi = {10.1103/PhysRevLett.125.245303},
  url = {https://link.aps.org/doi/10.1103/PhysRevLett.125.245303}
}

@article{Fisher1963Statistical,
  title = {Statistical Mechanics of Dimers on a Plane Lattice. {II}. {D}imer Correlations and Monomers},
  author = {Fisher, Michael E. and Stephenson, John},
  journal = {Phys. Rev.},
  volume = {132},
  issue = {4},
  pages = {1411--1431},
  numpages = {0},
  year = {1963},
  month = {Nov},
  publisher = {American Physical Society},
  doi = {10.1103/PhysRev.132.1411},
  url = {https://link.aps.org/doi/10.1103/PhysRev.132.1411}
}

@article{Flajolet1990Singularity,
author = {Flajolet, Philippe and Odlyzko, Andrew},
title = {Singularity Analysis of Generating Functions},
journal = {SIAM Journal on Discrete Mathematics},
volume = {3},
number = {2},
pages = {216-240},
year = {1990},
doi = {10.1137/0403019},
URL = {https://doi.org/10.1137/0403019}
}

@inbook{Flajolet2009Combinatorics,
    place={Cambridge},
    title={COMPLEX ANALYSIS, RATIONAL AND MEROMORPHIC ASYMPTOTICS},
    DOI={10.1017/CBO9780511801655.006},
    booktitle={Analytic Combinatorics},
    publisher={Cambridge University Press},
    author={Flajolet, Philippe and Sedgewick, Robert},
    year={2009},
    pages={223–288}
}

@article{FradkinSusskind,
  author = { Fradkin, Eduardo and Susskind, Leonard },
  title = { Order and disorder in gauge systems and magnets },
  journal = { Phys. Rev. D },
  year = { 1978 },
  volume = { 17 },
  issue = { 10 },
  pages = { 2637--2658 },
  doi = {10.1103/PhysRevD.17.2637},
  url = {http://doi.org/10.1103/PhysRevD.17.2637},
}

@article{Gaiotto2015Generalized,
  author = { Gaiotto, Davide and Kapustin, Anton and Seiberg, Nathan and Willett, Brian },
  title = { Generalized global symmetries },
  journal = { J. High Energ. Phys. },
  year = { 2015 },
  volume = { 2015 },
  issue = { 2 },
  pages = {172},
  doi = {10.1007/JHEP02(2015)172},
  url = {http://doi.org/10.1007/JHEP02(2015)172},
}

@Inbook{Gingras2011SpinIce,
	author="Gingras, Michel J. P.",
	editor="Lacroix, Claudine
	and Mendels, Philippe
	and Mila, Fr{\'e}d{\'e}ric",
	title="Spin Ice",
	bookTitle="Introduction to Frustrated Magnetism: Materials, Experiments, Theory",
	year="2011",
	publisher="Springer Berlin Heidelberg",
	address="Berlin, Heidelberg",
	pages="293--329",
	isbn="978-3-642-10589-0",
	doi="10.1007/978-3-642-10589-0_12",
	url="https://doi.org/10.1007/978-3-642-10589-0_12"
}

@article{Glorioso2017Effective,
  author = { Glorioso, Paolo and Crossley, Michael and Liu, Hong },
  title = { Effective field theory of dissipative fluids (II): {C}lassical limit, dynamical KMS symmetry and entropy current },
  journal = { J. High Energ. Phys. },
  year = { 2017 },
  volume = { 2017 },
  issue = { 9 },
  pages = {096},
  doi = {10.1007/JHEP09(2017)096},
  url = {http://doi.org/10.1007/JHEP09(2017)096},
}

@Article{Glorioso2021Nonabelian,
	title={{Hydrodynamics in lattice models with continuous non-Abelian symmetries}},
	author={Paolo Glorioso and Luca V. Delacrétaz and Xiao Chen and Rahul M. Nandkishore and Andrew Lucas},
	journal={SciPost Phys.},
	volume={10},
	pages={015},
	year={2021},
	publisher={SciPost},
	doi={10.21468/SciPostPhys.10.1.015},
	url={https://scipost.org/10.21468/SciPostPhys.10.1.015},
}

@article{Glorioso2022Breakdown,
  title={Breakdown of hydrodynamics below four dimensions in a fracton fluid},
  author={Glorioso, Paolo and Guo, Jinkang and Lucas, Andrew},
  journal = {Nature Physics},
  pages={912--917},
  volume={18},
  issue={8},
  year={2022},
  url={https://doi.org/10.1038/s41567-022-01631-x},
  doi={10.1038/s41567-022-01631-x}
}

@misc{Glorioso2023Goldstone,
  Author = {Paolo Glorioso and Xiaoyang Huang and Jinkang Guo and Joaquin F. Rodriguez-Nieva and Andrew Lucas},
  Title = {Goldstone bosons and fluctuating hydrodynamics with dipole and momentum conservation},
  Year = {2023},
  Eprint = {arXiv:2301.02680},
}

@article{Gromov2019Multipole,
  title = {Towards Classification of Fracton Phases: The Multipole Algebra},
  author = {Gromov, Andrey},
  journal = {Phys. Rev. X},
  volume = {9},
  issue = {3},
  pages = {031035},
  numpages = {19},
  year = {2019},
  month = {Aug},
  publisher = {American Physical Society},
  doi = {10.1103/PhysRevX.9.031035},
  url = {https://link.aps.org/doi/10.1103/PhysRevX.9.031035}
}

@article{Gromov2020Fracton,
  title = {Fracton hydrodynamics},
  author = {Gromov, Andrey and Lucas, Andrew and Nandkishore, Rahul M.},
  journal = {Phys. Rev. Research},
  volume = {2},
  issue = {3},
  pages = {033124},
  numpages = {11},
  year = {2020},
  month = {Jul},
  publisher = {American Physical Society},
  doi = {10.1103/PhysRevResearch.2.033124},
  url = {https://link.aps.org/doi/10.1103/PhysRevResearch.2.033124}
}

@article{Grosvenor2021Hydrodynamics,
  title = {Hydrodynamics of ideal fracton fluids},
  author = {Grosvenor, Kevin T. and Hoyos, Carlos and Pe\~na{-}Benitez, Francisco and Sur\'owka, Piotr},
  journal = {Phys. Rev. Res.},
  volume = {3},
  issue = {4},
  pages = {043186},
  numpages = {11},
  year = {2021},
  month = {Dec},
  publisher = {American Physical Society},
  doi = {10.1103/PhysRevResearch.3.043186},
  url = {https://link.aps.org/doi/10.1103/PhysRevResearch.3.043186}
}

@article{Grozdanov2019QuasiHydro,
  author = { Grozdanov, Sa\v{s}o and Lucas, Andrew and Poovuttikul, Napat },
  title = { Holography and hydrodynamics with weakly broken symmetries },
  journal = { Phys. Rev. D },
  year = { 2019 },
  volume = { 99 },
  issue = { 8 },
  pages = { 086012 },
  doi = {10.1103/PhysRevD.99.086012},
  url = {http://doi.org/10.1103/PhysRevD.99.086012},
}

@article{GuardadoSanchez2020,
  author = { Guardado-Sanchez, Elmer and Morningstar, Alan and Spar, Benjamin M. and Brown, Peter T. and Huse, David A. and Bakr, Waseem S. },
  title = { Subdiffusion and Heat Transport in a Tilted Two-Dimensional {F}ermi-{H}ubbard System },
  journal = { Phys. Rev. X },
  year = { 2020 },
  volume = { 10 },
  issue = { 1 },
  pages = { 011042 },
  doi = {10.1103/PhysRevX.10.011042},
  url = {http://doi.org/10.1103/PhysRevX.10.011042},
}

@article{Guo2022Fracton,
  author = { Guo, Jinkang and Glorioso, Paolo and Lucas, Andrew },
  title = { Fracton Hydrodynamics without Time-Reversal Symmetry },
  journal = { Phys. Rev. Lett. },
  year = { 2022 },
  volume = { 129 },
  issue = { 15 },
  pages = { 150603 },
  doi = {10.1103/PhysRevLett.129.150603},
  url = {http://doi.org/10.1103/PhysRevLett.129.150603},
}

@article{Haah2011Code,
  author = { Haah, Jeongwan },
  title = { Local stabilizer codes in three dimensions without string logical operators },
  journal = { Phys. Rev. A },
  year = { 2011 },
  volume = { 83 },
  issue = { 4 },
  pages = { 042330 },
  doi = {10.1103/PhysRevA.83.042330},
  url = {http://doi.org/10.1103/PhysRevA.83.042330},
}

@article{Haehl2016Fluid,
  author = { Haehl, Felix M. and Loganayagam, R. and Rangamani, Mukund },
  title = { The fluid manifesto: {E}mergent symmetries, hydrodynamics, and black holes },
  journal = { J. High Energ. Phys. },
  year = { 2016 },
  volume = { 2016 },
  issue = { 1 },
  doi = {10.1007/JHEP01(2016)184},
  pages = {184},
  url = {http://doi.org/10.1007/JHEP01(2016)184},
}

@article{Hamma2009Toric,
  author = { Hamma, Alioscia and Castelnovo, Claudio and Chamon, Claudio },
  title = { Toric-boson model: Toward a topological quantum memory at finite temperature },
  journal = { Phys. Rev. B },
  year = { 2009 },
  volume = { 79 },
  issue = { 24 },
  pages = { 245122 },
  doi = {10.1103/PhysRevB.79.245122},
  url = {http://doi.org/10.1103/PhysRevB.79.245122},
}

@article{Hart2020GFs,
  title = {Coherent propagation of quasiparticles in topological spin liquids at finite temperature},
  author = {Hart, Oliver and Wan, Yuan and Castelnovo, Claudio},
  journal = {Phys. Rev. B},
  volume = {101},
  issue = {6},
  pages = {064428},
  numpages = {16},
  year = {2020},
  month = {Feb},
  publisher = {American Physical Society},
  doi = {10.1103/PhysRevB.101.064428},
  url = {https://link.aps.org/doi/10.1103/PhysRevB.101.064428}
}

@article{Hart2022Quasiconservation,
  title = {Hidden quasiconservation laws in fracton hydrodynamics},
  author = {Hart, Oliver and Lucas, Andrew and Nandkishore, Rahul},
  journal = {Phys. Rev. E},
  volume = {105},
  issue = {4},
  pages = {044103},
  numpages = {14},
  year = {2022},
  month = {Apr},
  publisher = {American Physical Society},
  doi = {10.1103/PhysRevE.105.044103},
  url = {https://link.aps.org/doi/10.1103/PhysRevE.105.044103}
}

@article{Hart2022Shattering,
  title = {Hilbert space shattering and dynamical freezing in the quantum {I}sing model},
  author = {Hart, Oliver and Nandkishore, Rahul},
  journal = {Phys. Rev. B},
  volume = {106},
  issue = {21},
  pages = {214426},
  numpages = {15},
  year = {2022},
  month = {Dec},
  publisher = {American Physical Society},
  doi = {10.1103/PhysRevB.106.214426},
  url = {https://link.aps.org/doi/10.1103/PhysRevB.106.214426}
}

@article{Hastings2011Topological,
  author = { Hastings, Matthew B. },
  title = { Topological Order at Nonzero Temperature },
  journal = { Phys. Rev. Lett. },
  year = { 2011 },
  volume = { 107 },
  issue = { 21 },
  pages = { 210501 },
  doi = {10.1103/PhysRevLett.107.210501},
  url = {http://doi.org/10.1103/PhysRevLett.107.210501},
}

@article{HastingsHaah2021,
  author = { Hastings, Matthew B. and Haah, Jeongwan },
  title = { Dynamically Generated Logical Qubits },
  journal = { Quantum },
  year = { 2021 },
  volume = { 5 },
  pages = { 564 },
  doi = {10.22331/q-2021-10-19-564},
  url = {http://doi.org/10.22331/q-2021-10-19-564},
}

@article{Henley1997Relaxation,
  title={Relaxation time for a dimer covering with height representation},
  author={Henley, Christopher L},
  journal={Journal of statistical physics},
  volume={89},
  pages={483--507},
  year={1997},
  publisher={Springer},
  doi={10.1007/BF02765532}
}

@article{Henley2004Classical,
  doi = {10.1088/0953-8984/16/11/045},
  url = {https://dx.doi.org/10.1088/0953-8984/16/11/045},
  year = {2004},
  month = {mar},
  publisher = {IOP},
  volume = {16},
  number = {11},
  pages = {S891},
  author = {C L Henley},
  title = {From classical to quantum dynamics at {R}okhsar–{K}ivelson points},
  journal = {Journal of Physics: Condensed Matter}
}

@article{HermeleChen2016,
	doi = {10.1103/physrevx.6.041006},
	url = {https://doi.org/10.1103/physrevx.6.041006},
	year = {2016},
	month = oct,
	publisher = {American Physical Society ({APS})},
	volume = {6},
	number = {4},
	author = {Michael Hermele and Xie Chen},
	title = {Flux-Fusion Anomaly Test and Bosonic Topological Crystalline Insulators},
	journal = {Physical Review X}
}

@article{Horiguchi1972Lattice,
  title={Lattice {G}reen's functions for the triangular and honeycomb lattices},
  author={Horiguchi, Tsuyoshi},
  journal={Journal of Mathematical Physics},
  volume={13},
  number={9},
  pages={1411--1419},
  year={1972},
  publisher={American Institute of Physics},
  doi = {10.1063/1.1666155}
}

@article{Hutter2012Self,
  doi = {10.1103/physreva.86.052340},
  url = {https://doi.org/10.1103/physreva.86.052340},
  year = {2012},
  month = nov,
  publisher = {American Physical Society ({APS})},
  volume = {86},
  number = {5},
  author = {Adrian Hutter and James R. Wootton and Beat R\"{o}thlisberger and Daniel Loss},
  title = {Self-correcting quantum memory with a boundary},
  journal = {Physical Review A}
}

@article{Hutter2014Effective,
  doi = {10.1103/physreva.90.012321},
  url = {https://doi.org/10.1103/physreva.90.012321},
  year = {2014},
  month = jul,
  publisher = {American Physical Society ({APS})},
  volume = {90},
  number = {1},
  author = {Adrian Hutter and Fabio L. Pedrocchi and James R. Wootton and Daniel Loss},
  title = {Effective quantum-memory Hamiltonian from local two-body interactions},
  journal = {Physical Review A}
}

@article{Iaconis2019Subdiffusion,
  title = {Anomalous subdiffusion from subsystem symmetries},
  author = {Iaconis, Jason and Vijay, Sagar and Nandkishore, Rahul},
  journal = {Phys. Rev. B},
  volume = {100},
  issue = {21},
  pages = {214301},
  numpages = {16},
  year = {2019},
  month = {Dec},
  publisher = {American Physical Society},
  doi = {10.1103/PhysRevB.100.214301},
  url = {https://link.aps.org/doi/10.1103/PhysRevB.100.214301}
}

@article{Iaconis2021Multipole,
  title = {Multipole conservation laws and subdiffusion in any dimension},
  author = {Iaconis, Jason and Lucas, Andrew and Nandkishore, Rahul},
  journal = {Phys. Rev. E},
  volume = {103},
  issue = {2},
  pages = {022142},
  numpages = {7},
  year = {2021},
  month = {Feb},
  publisher = {American Physical Society},
  doi = {10.1103/PhysRevE.103.022142},
  url = {https://link.aps.org/doi/10.1103/PhysRevE.103.022142}
}

@article{Imbrie2016MBL,
  title={On many-body localization for quantum spin chains},
  author={Imbrie, John Z},
  journal={Journal of Statistical Physics},
  volume={163},
  number={5},
  pages={998--1048},
  year={2016},
  publisher={Springer},
  doi={10.1007/s10955-016-1508-x}
}

@article{Jensen2018Dissipative,
  author = { Jensen, Kristan and Pinzani-Fokeeva, Natalia and Yarom, Amos },
  title = { Dissipative hydrodynamics in superspace },
  journal = { J. High Energ. Phys. },
  year = { 2018 },
  volume = { 2018 },
  issue = { 9 },
  pages = {127},
  doi = {10.1007/JHEP09(2018)127},
  url = {http://doi.org/10.1007/JHEP09(2018)127},
}

@misc{Jensen2022Large,
  Author = {Kristan Jensen and Amir Raz},
  Title = {Large {$N$} fractons},
  Year = {2022},
  Eprint = {arXiv:2205.01132},
}

@article{Kapustin2022Hohenberg,
  title = {Hohenberg-{M}ermin-{W}agner-type theorems and dipole symmetry},
  author = {Kapustin, Anton and Spodyneiko, Lev},
  journal = {Phys. Rev. B},
  volume = {106},
  issue = {24},
  pages = {245125},
  numpages = {8},
  year = {2022},
  month = {Dec},
  publisher = {American Physical Society},
  doi = {10.1103/PhysRevB.106.245125},
  url = {https://link.aps.org/doi/10.1103/PhysRevB.106.245125}
}

@article{Kasteleyn1961StatisticsI,
  title={The statistics of dimers on a lattice: {I}. {T}he number of dimer arrangements on a quadratic lattice},
  author={Kasteleyn, Pieter W},
  journal={Physica},
  volume={27},
  number={12},
  pages={1209--1225},
  year={1961},
  publisher={Elsevier},
  doi={10.1016/0031-8914(61)90063-5}
}

@article{Kasteleyn1963Dimer,
  title={Dimer statistics and phase transitions},
  author={Kasteleyn, Pieter W},
  journal={Journal of Mathematical Physics},
  volume={4},
  number={2},
  pages={287--293},
  year={1963},
  publisher={American Institute of Physics},
  doi={10.1063/1.1703953}
}

@article{vonKeyserlingk2013SurfaceAnyons,
  author = { von Keyserlingk, C. W. and Burnell, F. J. and Simon, S. H. },
  title = { Three-dimensional topological lattice models with surface anyons },
  journal = { Phys. Rev. B },
  year = { 2013 },
  volume = { 87 },
  issue = { 4 },
  pages = { 045107 },
  doi = {10.1103/PhysRevB.87.045107},
  url = {http://doi.org/10.1103/PhysRevB.87.045107},
}

@article{Khemani2020Localization,
  title = {Localization from {H}ilbert space shattering: {F}rom theory to physical realizations},
  author = {Khemani, Vedika and Hermele, Michael and Nandkishore, Rahul},
  journal = {Phys. Rev. B},
  volume = {101},
  issue = {17},
  pages = {174204},
  numpages = {17},
  year = {2020},
  month = {May},
  publisher = {American Physical Society},
  doi = {10.1103/PhysRevB.101.174204},
  url = {https://link.aps.org/doi/10.1103/PhysRevB.101.174204}
}

@article{Khudorozhkov2022Fragmentation,
	title={{Hilbert space fragmentation in a {2D} quantum spin system with subsystem  symmetries}},
	author={Alexey Khudorozhkov and Apoorv Tiwari and Claudio Chamon and Titus Neupert},
	journal={SciPost Phys.},
	volume={13},
	pages={098},
	year={2022},
	publisher={SciPost},
	doi={10.21468/SciPostPhys.13.4.098},
	url={https://scipost.org/10.21468/SciPostPhys.13.4.098},
}

@article{Kim2011NonCSS,
  title = {Local non--Calderbank-Shor-Steane quantum error-correcting code on a three-dimensional lattice},
  author = {Kim, Isaac H.},
  journal = {Phys. Rev. A},
  volume = {83},
  issue = {5},
  pages = {052308},
  numpages = {6},
  year = {2011},
  month = {May},
  publisher = {American Physical Society},
  doi = {10.1103/PhysRevA.83.052308},
  url = {https://link.aps.org/doi/10.1103/PhysRevA.83.052308}
}

@article{Kitaev2003Fault,
	Author = {Kitaev, Alexei {\relax Yu}},
	Journal = {Annals of Physics},
	Pages = {2-30},
	Title = {Fault-tolerant quantum computation by anyons},
	Volume = {303},
	Year = {2003},
	doi = {10.1016/S0003-4916(02)00018-0}
}

@article{KitaevKong2012,
  author = { Kitaev, Alexei and Kong, Liang },
  title = { Models for Gapped Boundaries and Domain Walls },
  journal = { Commun. Math. Phys. },
  year = { 2012 },
  volume = { 313 },
  issue = { 2 },
  pages = { 351--373 },
  doi = {10.1007/s00220-012-1500-5},
  url = {http://doi.org/10.1007/s00220-012-1500-5},
}

@article{KubicaVasmer2022,
  author = { Kubica, Aleksander and Vasmer, Michael },
  title = { Single-shot quantum error correction with the three-dimensional subsystem toric code },
  journal = { Nat Commun },
  year = { 2022 },
  volume = { 13 },
  issue = { 1 },
  doi = {10.1038/s41467-022-33923-4},
  url = {http://doi.org/10.1038/s41467-022-33923-4},
  pages = {6272}
}

@misc{Kubica2018Ungauging,
    Author = {Aleksander Kubica and Beni Yoshida},
    Title = {Ungauging quantum error-correcting codes},
    Year = {2018},
    Eprint = {arXiv:1805.01836},
}

@misc{Lake2018Higher,
    Author = {Ethan Lake},
    Title = {Higher-form symmetries and spontaneous symmetry breaking},
    Year = {2018},
    Eprint = {arXiv:1802.07747},
}

@article{Lake2022Dipolar,
  author = { Lake, Ethan and Hermele, Michael and Senthil, T. },
  title = { Dipolar {B}ose-{H}ubbard model },
  journal = { Phys. Rev. B },
  year = { 2022 },
  volume = { 106 },
  issue = { 6 },
  pages = { 064511 },
  doi = {10.1103/PhysRevB.106.064511},
  url = {http://doi.org/10.1103/PhysRevB.106.064511},
}

@misc{Lake2023NoCrossing,
  title={2{D} {H}amiltonians with exotic bipartite and topological entanglement}, 
  author={Shankar Balasubramanian and Ethan Lake and Soonwon Choi},
  year={2023},
  eprint={2305.07028},
  archivePrefix={arXiv},
  primaryClass={quant-ph}
}

@article{LandonCardinal2015,
  author = { Landon-Cardinal, Olivier and Yoshida, Beni and Poulin, David and Preskill, John },
  title = { Perturbative instability of quantum memory based on effective long-range interactions },
  journal = { Phys. Rev. A },
  year = { 2015 },
  volume = { 91 },
  issue = { 3 },
  pages = { 032303 },
  doi = {10.1103/PhysRevA.91.032303},
  url = {http://doi.org/10.1103/PhysRevA.91.032303},
}

@article{Lesanovsky2012PXP,
  title = {Interacting {F}ibonacci anyons in a {R}ydberg gas},
  author = {Lesanovsky, Igor and Katsura, Hosho},
  journal = {Phys. Rev. A},
  volume = {86},
  issue = {4},
  pages = {041601},
  numpages = {5},
  year = {2012},
  month = {Oct},
  publisher = {American Physical Society},
  doi = {10.1103/PhysRevA.86.041601},
  url = {https://link.aps.org/doi/10.1103/PhysRevA.86.041601}
}

@misc{Li2023PhaseDiagram,
    Author = {Yaodong Li and C. W. von Keyserlingk and Guanyu Zhu and Tomas Jochym-O'Connor},
    Title = {Phase diagram of the three-dimensional subsystem toric code},
    Year = {2023},
    Eprint = {arXiv:2305.06389},
}

@article{Lieb1967Ice,
  title = {Exact Solution of the Problem of the Entropy of Two-Dimensional Ice},
  author = {Lieb, Elliott H.},
  journal = {Phys. Rev. Lett.},
  volume = {18},
  issue = {17},
  pages = {692--694},
  numpages = {0},
  year = {1967},
  month = {Apr},
  publisher = {American Physical Society},
  doi = {10.1103/PhysRevLett.18.692},
  url = {https://link.aps.org/doi/10.1103/PhysRevLett.18.692}
}

@article{Lieb1967Residual,
  title = {Residual Entropy of Square Ice},
  author = {Lieb, Elliott H.},
  journal = {Phys. Rev.},
  volume = {162},
  issue = {1},
  pages = {162--172},
  numpages = {0},
  year = {1967},
  month = {Oct},
  publisher = {American Physical Society},
  doi = {10.1103/PhysRev.162.162},
  url = {https://link.aps.org/doi/10.1103/PhysRev.162.162}
}

@article{Lin2020PXP,
  title = {Quantum many-body scar states in two-dimensional {R}ydberg atom arrays},
  author = {Lin, Cheng-Ju and Calvera, Vladimir and Hsieh, Timothy H.},
  journal = {Phys. Rev. B},
  volume = {101},
  issue = {22},
  pages = {220304},
  numpages = {7},
  year = {2020},
  month = {Jun},
  publisher = {American Physical Society},
  doi = {10.1103/PhysRevB.101.220304},
  url = {https://link.aps.org/doi/10.1103/PhysRevB.101.220304}
}


@inproceedings{Liu2018Lectures,
    Author = {Hong Liu and Paolo Glorioso},
    Title = {Lectures on non-equilibrium effective field theories and fluctuating hydrodynamics},
    Booktitle = {Theoretical Advanced Study Institute Summer School 2017 ``Physics at the Fundamental Frontier"},
    volume = {305},
    Publisher = {Sissa Medialab},
    Year = {2018},
    pages = {008}
}

@article{Ma2017Coupled,
  author = { Ma, Han and Lake, Ethan and Chen, Xie and Hermele, Michael },
  title = { Fracton topological order via coupled layers },
  journal = { Phys. Rev. B },
  year = { 2017 },
  volume = { 95 },
  issue = { 24 },
  pages = { 245126 },
  doi = {10.1103/PhysRevB.95.245126},
  url = {http://doi.org/10.1103/PhysRevB.95.245126},
}

@article{McGreevy2022Generalized,
author = {McGreevy, John},
title = {Generalized Symmetries in Condensed Matter},
journal = {Annual Review of Condensed Matter Physics},
volume = {14},
number = {1},
pages = {57-82},
year = {2023},
doi = {10.1146/annurev-conmatphys-040721-021029},
URL = {https://doi.org/10.1146/annurev-conmatphys-040721-021029}
}

@article{Michailidis2020PXP,
  title = {Stabilizing two-dimensional quantum scars by deformation and synchronization},
  author = {Michailidis, A. A. and Turner, C. J. and Papi\'{c}, Z. and Abanin, D. A. and Serbyn, M.},
  journal = {Phys. Rev. Research},
  volume = {2},
  issue = {2},
  pages = {022065},
  numpages = {6},
  year = {2020},
  month = {Jun},
  publisher = {American Physical Society},
  doi = {10.1103/PhysRevResearch.2.022065},
  url = {https://link.aps.org/doi/10.1103/PhysRevResearch.2.022065}
}

@article{Michnicki2014PowerLaw,
  author = { Michnicki, Kamil P. },
  title = { 3D Topological Quantum Memory with a Power-Law Energy Barrier },
  journal = { Phys. Rev. Lett. },
  year = { 2014 },
  volume = { 113 },
  issue = { 13 },
  pages = { 130501 },
  doi = {10.1103/PhysRevLett.113.130501},
  url = {http://doi.org/10.1103/PhysRevLett.113.130501},
}

@article{Moessner2004Planar,
  title={Planar pyrochlore, quantum ice and sliding ice},
  author={Moessner, R and Tchernyshyov, Oleg and Sondhi, Shivaji Lal},
  journal={Journal of statistical physics},
  volume={116},
  pages={755--772},
  year={2004},
  publisher={Springer},
  doi={10.1023/B:JOSS.0000037247.54022.62}
}

@incollection{Moessner2010Quantum,
  title={Quantum dimer models},
  author={Moessner, Roderich and Raman, Kumar S},
  booktitle={Introduction to frustrated magnetism: {M}aterials, experiments, theory},
  pages={437--479},
  year={2010},
  publisher={Springer},
  doi={10.1007/978-3-642-10589-0}
}

@article{Moudgalya2018AKLT,
  title={Entanglement of exact excited states of {A}ffleck-{K}ennedy-{L}ieb-{T}asaki models: {E}xact results, many-body scars, and violation of the strong eigenstate thermalization hypothesis},
  author={Moudgalya, Sanjay and Regnault, Nicolas and Bernevig, B Andrei},
  journal={Physical Review B},
  volume={98},
  number={23},
  pages={235156},
  year={2018},
  publisher={APS},
  doi = {10.1103/PhysRevB.98.235156}
}

@article{Moudgalya2022Commutant,
  title={Hilbert space fragmentation and commutant algebras},
  author={Moudgalya, Sanjay and Motrunich, Olexei I},
  journal={Physical Review X},
  volume={12},
  number={1},
  pages={011050},
  year={2022},
  publisher={APS},
  doi = {10.1103/PhysRevX.12.011050}
}

@incollection{Moudgalya2022Thermalization,
  title={Thermalization and its absence within {K}rylov subspaces of a constrained {H}amiltonian},
  author={Moudgalya, Sanjay and Prem, Abhinav and Nandkishore, Rahul and Regnault, Nicolas and Bernevig, B Andrei},
  booktitle={Memorial Volume for Shoucheng Zhang},
  pages={147--209},
  year={2022},
  publisher={World Scientific},
  doi={10.1142/9789811231711_0009}
}

@article{Nandkishore2015MBL,
  title={Many-body localization and thermalization in quantum statistical mechanics},
  author={Nandkishore, Rahul and Huse, David A},
  journal={Annu. Rev. Condens. Matter Phys.},
  volume={6},
  number={1},
  pages={15--38},
  year={2015},
  publisher={Annual Reviews},
  doi={10.1146/annurev-conmatphys-031214-014726}
}

@article{NandkishoreHermele2019,
  author = { Nandkishore, Rahul M. and Hermele, Michael },
  title = { Fractons },
  journal = { Annu. Rev. Condens. Matter Phys. },
  year = { 2019 },
  volume = { 10 },
  issue = { 1 },
  pages = { 295--313 },
  doi = {10.1146/annurev-conmatphys-031218-013604},
  url = {http://doi.org/10.1146/annurev-conmatphys-031218-013604},
}

@article{Nussinov2009Symmetry,
	title = {A symmetry principle for topological quantum order},
	journal = {Annals of Physics},
	volume = {324},
	number = {5},
	pages = {977-1057},
	year = {2009},
	issn = {0003-4916},
	doi = {https://doi.org/10.1016/j.aop.2008.11.002},
	url = {https://www.sciencedirect.com/science/article/pii/S0003491608001711},
	author = {Zohar Nussinov and Gerardo Ortiz},
	keywords = {Topological quantum order, Symmetries, Gauge theories, Thermal fragility, Entanglement entropy, String and non-local correlators}
}

@article{Nussinov2009Topological,
  doi = {10.1073/pnas.0803726105},
  url = {https://doi.org/10.1073/pnas.0803726105},
  year = {2009},
  month = sep,
  publisher = {Proceedings of the National Academy of Sciences},
  volume = {106},
  number = {40},
  pages = {16944--16949},
  author = {Z. Nussinov and G. Ortiz},
  title = {Sufficient symmetry conditions for Topological Quantum Order},
  journal = {Proceedings of the National Academy of Sciences}
}

@article{Ocko2011Codes,
  doi = {10.1103/physrevlett.106.110501},
  url = {https://doi.org/10.1103/physrevlett.106.110501},
  year = {2011},
  month = mar,
  publisher = {American Physical Society ({APS})},
  volume = {106},
  number = {11},
  author = {Samuel A. Ocko and Xie Chen and Bei Zeng and Beni Yoshida and Zhengfeng Ji and Mary Beth Ruskai and Isaac L. Chuang},
  title = {Quantum Codes Give Counterexamples to the Unique Preimage Conjecture of {theN}-Representability Problem},
  journal = {Physical Review Letters}
}

@article{Osborne2021FractonFluids,
  title = {Infinite families of fracton fluids with momentum conservation},
  author = {Osborne, Andrew and Lucas, Andrew},
  journal = {Phys. Rev. B},
  volume = {105},
  issue = {2},
  pages = {024311},
  numpages = {10},
  year = {2022},
  month = {Jan},
  publisher = {American Physical Society},
  doi = {10.1103/PhysRevB.105.024311},
  url = {https://link.aps.org/doi/10.1103/PhysRevB.105.024311}
}

@article{Pace2023Exact,
  title = {Exact emergent higher-form symmetries in bosonic lattice models},
  author = {Pace, Salvatore D. and Wen, Xiao-Gang},
  journal = {Phys. Rev. B},
  volume = {108},
  issue = {19},
  pages = {195147},
  numpages = {32},
  year = {2023},
  month = {Nov},
  publisher = {American Physical Society},
  doi = {10.1103/PhysRevB.108.195147},
  url = {https://link.aps.org/doi/10.1103/PhysRevB.108.195147}
}

@article{Paetznick2013Universal,
  author = { Paetznick, Adam and Reichardt, Ben W. },
  title = { Universal Fault-Tolerant Quantum Computation with Only Transversal Gates and Error Correction },
  journal = { Phys. Rev. Lett. },
  year = { 2013 },
  volume = { 111 },
  issue = { 9 },
  pages = { 090505 },
  doi = {10.1103/PhysRevLett.111.090505},
  url = {http://doi.org/10.1103/PhysRevLett.111.090505},
}

@article{Pai2019Localization,
  title = {Localization in Fractonic Random Circuits},
  author = {Pai, Shriya and Pretko, Michael and Nandkishore, Rahul M.},
  journal = {Phys. Rev. X},
  volume = {9},
  issue = {2},
  pages = {021003},
  numpages = {21},
  year = {2019},
  month = {Apr},
  publisher = {American Physical Society},
  doi = {10.1103/PhysRevX.9.021003},
  url = {https://link.aps.org/doi/10.1103/PhysRevX.9.021003}
}

@article{Pedrocchi2011Memory,
  doi = {10.1103/physrevb.83.115415},
  url = {https://doi.org/10.1103/physrevb.83.115415},
  year = {2011},
  month = mar,
  publisher = {American Physical Society ({APS})},
  volume = {83},
  number = {11},
  author = {Fabio L. Pedrocchi and Stefano Chesi and Daniel Loss},
  title = {Quantum memory coupled to cavity modes},
  journal = {Physical Review B}
}

@article{Pedrocchi2013Thermal,
  author = { Pedrocchi, Fabio L. and Hutter, Adrian and Wootton, James R. and Loss, Daniel },
  title = { Enhanced thermal stability of the toric code through coupling to a bosonic bath },
  journal = { Phys. Rev. A },
  year = { 2013 },
  volume = { 88 },
  issue = { 6 },
  pages = { 062313 },
  doi = {10.1103/PhysRevA.88.062313},
  url = {http://doi.org/10.1103/PhysRevA.88.062313},
}

@article{Poulin2005Subsystem,
  author = { Poulin, David },
  title = { Stabilizer Formalism for Operator Quantum Error Correction },
  journal = { Phys. Rev. Lett. },
  year = { 2005 },
  volume = { 95 },
  issue = { 23 },
  pages = { 230504 },
  doi = {10.1103/PhysRevLett.95.230504},
  url = {http://doi.org/10.1103/PhysRevLett.95.230504},
}

@article{PremHaahNandkishore2017,
  author = { Prem, Abhinav and Haah, Jeongwan and Nandkishore, Rahul },
  title = { Glassy quantum dynamics in translation invariant fracton models },
  journal = { Phys. Rev. B },
  year = { 2017 },
  volume = { 95 },
  issue = { 15 },
  pages = { 155133 },
  doi = {10.1103/PhysRevB.95.155133},
  url = {http://doi.org/10.1103/PhysRevB.95.155133},
}

@article{Pretko2017Subdimensional,
  title = {Subdimensional particle structure of higher rank {$U(1)$} spin liquids},
  author = {Pretko, Michael},
  journal = {Phys. Rev. B},
  volume = {95},
  issue = {11},
  pages = {115139},
  numpages = {11},
  year = {2017},
  month = {Mar},
  publisher = {American Physical Society},
  doi = {10.1103/PhysRevB.95.115139},
  url = {https://link.aps.org/doi/10.1103/PhysRevB.95.115139}
}

@article{Pretko2020Fracton,
  author = { Pretko, Michael and Chen, Xie and You, Yizhi },
  title = { Fracton phases of matter },
  journal = { Int. J. Mod. Phys. A },
  year = { 2020 },
  volume = { 35 },
  issue = { 06 },
  pages = { 2030003 },
  doi = {10.1142/S0217751X20300033},
  url = {http://doi.org/10.1142/S0217751X20300033},
}

@article{Putterman1974SF,
  title={Superfluid hydrodynamics},
  author={Putterman, Seth J},
  journal={Amsterdam},
  volume={3},
  year={1974}
}

@article{Qi2021Exotic,
  doi = {10.1016/j.aop.2020.168360},
  url = {https://doi.org/10.1016/j.aop.2020.168360},
  year = {2021},
  month = jan,
  publisher = {Elsevier {BV}},
  volume = {424},
  pages = {168360},
  author = {Marvin Qi and Leo Radzihovsky and Michael Hermele},
  title = {Fracton phases via exotic higher-form symmetry-breaking},
  journal = {Annals of Physics}
}

@article{Qi2023FractonMHD,
  author = { Qi, Marvin and Hart, Oliver and Friedman, Aaron J. and Nandkishore, Rahul and Lucas, Andrew },
  title = { Hydrodynamics of higher-rank gauge theories },
  journal = { SciPost Phys. },
  year = { 2023 },
  volume = { 14 },
  issue = { 3 },
  pages = { 029 },
  doi = {10.21468/SciPostPhys.14.3.029},
  url = {http://doi.org/10.21468/SciPostPhys.14.3.029},
}

@article{Rakovszky2020SLIOM,
  title = {Statistical localization: From strong fragmentation to strong edge modes},
  author = {Rakovszky, Tibor and Sala, Pablo and Verresen, Ruben and Knap, Michael and Pollmann, Frank},
  journal = {Phys. Rev. B},
  volume = {101},
  issue = {12},
  pages = {125126},
  numpages = {23},
  year = {2020},
  month = {Mar},
  publisher = {American Physical Society},
  doi = {10.1103/PhysRevB.101.125126},
  url = {https://link.aps.org/doi/10.1103/PhysRevB.101.125126}
}

@article{Raussendorf2005LongRange,
  title = {Long-range quantum entanglement in noisy cluster states},
  author = {Raussendorf, Robert and Bravyi, Sergey and Harrington, Jim},
  journal = {Phys. Rev. A},
  volume = {71},
  issue = {6},
  pages = {062313},
  numpages = {6},
  year = {2005},
  month = {Jun},
  publisher = {American Physical Society},
  doi = {10.1103/PhysRevA.71.062313},
  url = {https://link.aps.org/doi/10.1103/PhysRevA.71.062313}
}

@article{Raussendorf2006FaultTolerant,
  author = { Raussendorf, R. and Harrington, J. and Goyal, K. },
  title = { A fault-tolerant one-way quantum computer },
  journal = { Annals of Physics },
  year = { 2006 },
  volume = { 321 },
  issue = { 9 },
  pages = { 2242--2270 },
  doi = {10.1016/j.aop.2006.01.012},
  url = {http://doi.org/10.1016/j.aop.2006.01.012},
}

@article{RichterPal2022,
  title = {Anomalous hydrodynamics in a class of scarred frustration-free {H}amiltonians},
  author = {Richter, Jonas and Pal, Arijeet},
  journal = {Phys. Rev. Res.},
  volume = {4},
  issue = {1},
  pages = {L012003},
  numpages = {8},
  year = {2022},
  month = {Jan},
  publisher = {American Physical Society},
  doi = {10.1103/PhysRevResearch.4.L012003},
  url = {https://link.aps.org/doi/10.1103/PhysRevResearch.4.L012003}
}

@article{Roberts2017SPTO,
  author = { Roberts, Sam and Yoshida, Beni and Kubica, Aleksander and Bartlett, Stephen D. },
  title = { Symmetry-protected topological order at nonzero temperature },
  journal = { Phys. Rev. A },
  year = { 2017 },
  volume = { 96 },
  issue = { 2 },
  pages = { 022306 },
  doi = {10.1103/PhysRevA.96.022306},
  url = {http://doi.org/10.1103/PhysRevA.96.022306},
}

@misc{Roberts20203Fermion,
  Author = {Sam Roberts and Dominic J. Williamson},
  Title = {3-Fermion topological quantum computation},
  Year = {2020},
  Eprint = {arXiv:2011.04693},
}

@article{RobertsBartlett2020,
  author = { Roberts, Sam and Bartlett, Stephen D. },
  title = { Symmetry-Protected Self-Correcting Quantum Memories },
  journal = { Phys. Rev. X },
  year = { 2020 },
  volume = { 10 },
  issue = { 3 },
  pages = { 031041 },
  doi = {10.1103/PhysRevX.10.031041},
  url = {http://doi.org/10.1103/PhysRevX.10.031041},
}

@article{Rokhsar1988Superconductivity,
  title = {Superconductivity and the Quantum Hard-Core Dimer Gas},
  author = {Rokhsar, Daniel S. and Kivelson, Steven A.},
  journal = {Phys. Rev. Lett.},
  volume = {61},
  issue = {20},
  pages = {2376--2379},
  numpages = {0},
  year = {1988},
  month = {Nov},
  publisher = {American Physical Society},
  doi = {10.1103/PhysRevLett.61.2376},
  url = {https://link.aps.org/doi/10.1103/PhysRevLett.61.2376}
}

@article{Sala2020Fragmentation,
  title = {{Ergodicity Breaking Arising from Hilbert Space Fragmentation in Dipole-Conserving Hamiltonians}},
  author = {Sala, Pablo and Rakovszky, Tibor and Verresen, Ruben and Knap, Michael and Pollmann, Frank},
  journal = {Phys. Rev. X},
  volume = {10},
  issue = {1},
  pages = {011047},
  numpages = {19},
  year = {2020},
  month = {Feb},
  publisher = {American Physical Society},
  doi = {10.1103/PhysRevX.10.011047},
  url = {https://link.aps.org/doi/10.1103/PhysRevX.10.011047}
}

@article{Sala2022Modulated,
  title = {Dynamics in Systems with Modulated Symmetries},
  author = {Sala, Pablo and Lehmann, Julius and Rakovszky, Tibor and Pollmann, Frank},
  journal = {Phys. Rev. Lett.},
  volume = {129},
  issue = {17},
  pages = {170601},
  numpages = {7},
  year = {2022},
  month = {Oct},
  publisher = {American Physical Society},
  doi = {10.1103/PhysRevLett.129.170601},
  url = {https://link.aps.org/doi/10.1103/PhysRevLett.129.170601}
}

@article{Seiberg2020Field,
  author = { Seiberg, Nathan },
  title = { Field theories with a vector global symmetry },
  journal = { SciPost Phys. },
  year = { 2020 },
  volume = { 8 },
  issue = { 4 },
  pages = { 050 },
  doi = {10.21468/SciPostPhys.8.4.050},
  url = {http://doi.org/10.21468/SciPostPhys.8.4.050},
}

@article{Sels2021Obstruction,
  title={Dynamical obstruction to localization in a disordered spin chain},
  author={Sels, Dries and Polkovnikov, Anatoli},
  journal={Physical Review E},
  volume={104},
  number={5},
  pages={054105},
  year={2021},
  publisher={APS},
  doi = {10.1103/PhysRevE.104.054105}
}

@article{Shannon2004SquareIce,
  title = {Cyclic exchange, isolated states, and spinon deconfinement in an {$XXZ$} {H}eisenberg model on the checkerboard lattice},
  author = {Shannon, Nic and Misguich, Gr\'egoire and Penc, Karlo},
  journal = {Phys. Rev. B},
  volume = {69},
  issue = {22},
  pages = {220403},
  numpages = {4},
  year = {2004},
  month = {Jun},
  publisher = {American Physical Society},
  doi = {10.1103/PhysRevB.69.220403},
  url = {https://link.aps.org/doi/10.1103/PhysRevB.69.220403}
}

@article{Shiraishi2017ETH,
  title = {Systematic Construction of Counterexamples to the Eigenstate Thermalization Hypothesis},
  author = {Shiraishi, Naoto and Mori, Takashi},
  journal = {Phys. Rev. Lett.},
  volume = {119},
  issue = {3},
  pages = {030601},
  numpages = {6},
  year = {2017},
  month = {Jul},
  publisher = {American Physical Society},
  doi = {10.1103/PhysRevLett.119.030601},
  url = {https://link.aps.org/doi/10.1103/PhysRevLett.119.030601}
}

@article{Siva2017Marginally,
  author = { Siva, Karthik and Yoshida, Beni },
  title = { Topological order and memory time in marginally-self-correcting quantum memory },
  journal = { Phys. Rev. A },
  year = { 2017 },
  volume = { 95 },
  issue = { 3 },
  pages = { 032324 },
  doi = {10.1103/PhysRevA.95.032324},
  url = {http://doi.org/10.1103/PhysRevA.95.032324},
}

@misc{Stahl2022Symmetry,
  Author = {Charles Stahl},
  Title = {Self-correction from higher-form symmetry protection on a boundary},
  Year = {2022},
  Eprint = {arXiv:2206.05294},
}

@article{Stahl2022Spontaneous,
  author = { Stahl, Charles and Lake, Ethan and Nandkishore, Rahul },
  title = { Spontaneous breaking of multipole symmetries },
  journal = { Phys. Rev. B },
  year = { 2022 },
  volume = { 105 },
  issue = { 15 },
  pages = { 155107 },
  doi = {10.1103/PhysRevB.105.155107},
  url = {http://doi.org/10.1103/PhysRevB.105.155107},
}

@article{StahlNandkishore2021,
  author = { Stahl, Charles and Nandkishore, Rahul },
  title = { Symmetry-protected self-correcting quantum memory in three space dimensions },
  journal = { Phys. Rev. B },
  year = { 2021 },
  volume = { 103 },
  issue = { 23 },
  pages = { 235112 },
  doi = {10.1103/PhysRevB.103.235112},
  url = {http://doi.org/10.1103/PhysRevB.103.235112},
}

@article{Steane1996CSS,
  title = { Multiple-particle interference and quantum error correction },
  journal = { Proc. R. Soc. Lond. A },
  year = { 1996 },
  volume = { 452 },
  Author = {Andrew Steane},
  issue = { 1954 },
  pages = { 2551--2577 },
  doi = {10.1098/rspa.1996.0136},
  url = {http://doi.org/10.1098/rspa.1996.0136},
}

@misc{Stephen2022Robust,
  Author = {David T. Stephen and Oliver Hart and Rahul M. Nandkishore},
  Title = {Ergodicity breaking provably robust to arbitrary perturbations},
  Year = {2022},
  Eprint = {arXiv:2209.03966},
}

@article{Temperley1961Dimer,
  title={Dimer problem in statistical mechanics-an exact result},
  author={Temperley, Harold NV and Fisher, Michael E},
  journal={Philosophical Magazine},
  volume={6},
  number={68},
  pages={1061--1063},
  year={1961},
  publisher={Taylor \& Francis},
  doi={10.1080/14786436108243366}
}

@misc{Tong2018Gauge,
    Author = {David Tong},
    Title = {Gauge Theory},
    Year = {2018},
    URL = {http://www.damtp.cam.ac.uk/user/tong/gaugetheory.html},
}

@article{Turner2018Scarred,
  title = {Quantum scarred eigenstates in a {R}ydberg atom chain: Entanglement, breakdown of thermalization, and stability to perturbations},
  author = {Turner, C. J. and Michailidis, A. A. and Abanin, D. A. and Serbyn, M. and Papi\'{c}, Z.},
  journal = {Phys. Rev. B},
  volume = {98},
  issue = {15},
  pages = {155134},
  numpages = {23},
  year = {2018},
  month = {Oct},
  publisher = {American Physical Society},
  doi = {10.1103/PhysRevB.98.155134},
  url = {https://link.aps.org/doi/10.1103/PhysRevB.98.155134}
}

@article{Turner2018Weak,
  title={Weak ergodicity breaking from quantum many-body scars},
  author={Turner, Christopher J and Michailidis, Alexios A and Abanin, Dmitry A and Serbyn, Maksym and Papi{\'c}, Zlatko},
  journal={Nature Physics},
  volume={14},
  number={7},
  pages={745--749},
  year={2018},
  publisher={Nature Publishing Group},
  doi={10.1038/s41567-018-0137-5}
}

@article{Vasmer2019Transversal,
  author = { Vasmer, Michael and Browne, Dan E. },
  title = { Three-dimensional surface codes: Transversal gates and fault-tolerant architectures },
  journal = { Phys. Rev. A },
  year = { 2019 },
  volume = { 100 },
  issue = { 1 },
  pages = { 012312 },
  doi = {10.1103/PhysRevA.100.012312},
  url = {http://doi.org/10.1103/PhysRevA.100.012312},
}

@article{Vijay2016Fracton,
  author = { Vijay, Sagar and Haah, Jeongwan and Fu, Liang },
  title = { Fracton topological order, generalized lattice gauge theory, and duality },
  journal = { Phys. Rev. B },
  year = { 2016 },
  volume = { 94 },
  issue = { 23 },
  pages = { 235157 },
  doi = {10.1103/PhysRevB.94.235157},
  url = {http://doi.org/10.1103/PhysRevB.94.235157},
}

@misc{Vijay2017Layer,
  Author = {Sagar Vijay},
  Title = {Isotropic Layer Construction and Phase Diagram for Fracton Topological Phases},
  Year = {2017},
  Eprint = {arXiv:1701.00762},
}

@article{WalkerWang2011,
	doi = {10.1007/s11467-011-0194-z},
	url = {https://doi.org/10.1007/s11467-011-0194-z},
	year = {2011},
	month = jul,
	publisher = {Springer Science and Business Media {LLC}},
	volume = {7},
	number = {2},
	pages = {150--159},
	author = {Kevin Walker and Zhenghan Wang},
	title = {($3+1$)-{TQFTs} and topological insulators},
	journal = {Frontiers of Physics}
}

@article{WangSenthilInsulators,
  doi = {10.1103/physrevb.87.235122},
  url = {https://doi.org/10.1103/physrevb.87.235122},
  year = {2013},
  month = jun,
  publisher = {American Physical Society ({APS})},
  volume = {87},
  number = {23},
  author = {Chong Wang and T. Senthil},
  title = {Boson topological insulators: A window into highly entangled quantum phases},
  journal = {Physical Review B}
}

@article{Wegner1971Duality,
  author = { Wegner, Franz J. },
  title = { Duality in Generalized {I}sing Models and Phase Transitions without Local Order Parameters },
  journal = { Journal of Mathematical Physics },
  year = { 1971 },
  volume = { 12 },
  issue = { 10 },
  pages = { 2259--2272 },
  doi = {10.1063/1.1665530},
  url = {http://doi.org/10.1063/1.1665530},
}

@article{Weinstein2019Universality,
  doi = {10.1103/physrevlett.123.230503},
  url = {https://doi.org/10.1103/physrevlett.123.230503},
  year = {2019},
  month = dec,
  publisher = {American Physical Society ({APS})},
  volume = {123},
  number = {23},
  author = {Zack Weinstein and Gerardo Ortiz and Zohar Nussinov},
  title = {Universality Classes of Stabilizer Code Hamiltonians},
  journal = {Physical Review Letters}
}

@article{Wen1990Topological,
  author = { Wen, X. G. },
  title = { TOPOLOGICAL ORDERS IN RIGID STATES },
  journal = { Int. J. Mod. Phys. B },
  year = { 1990 },
  volume = { 04 },
  issue = { 02 },
  pages = { 239--271 },
  doi = {10.1142/S0217979290000139},
  url = {http://doi.org/10.1142/S0217979290000139},
}

@article{Wen2019Higher,
  author = { Wen, Xiao-Gang },
  title = { Emergent anomalous higher symmetries from topological order and from dynamical electromagnetic field in condensed matter systems },
  journal = { Phys. Rev. B },
  year = { 2019 },
  volume = { 99 },
  issue = { 20 },
  pages = { 205139 },
  doi = {10.1103/PhysRevB.99.205139},
  url = {http://doi.org/10.1103/PhysRevB.99.205139},
}

@article{Wootton2013Topological,
  doi = {10.1103/physreva.88.062312},
  url = {https://doi.org/10.1103/physreva.88.062312},
  year = {2013},
  month = dec,
  publisher = {American Physical Society ({APS})},
  volume = {88},
  number = {6},
  author = {James R. Wootton},
  title = {Topological phases and self-correcting memories in interacting anyon systems},
  journal = {Physical Review A}
}

@article{Yang2020Confinement,
  title = {Hilbert-Space Fragmentation from Strict Confinement},
  author = {Yang, Zhi-Cheng and Liu, Fangli and Gorshkov, Alexey V. and Iadecola, Thomas},
  journal = {Phys. Rev. Lett.},
  volume = {124},
  issue = {20},
  pages = {207602},
  numpages = {6},
  year = {2020},
  month = {May},
  publisher = {American Physical Society},
  doi = {10.1103/PhysRevLett.124.207602},
  url = {https://link.aps.org/doi/10.1103/PhysRevLett.124.207602}
}

@article{Yoshida2011Self,
  author = { Yoshida, Beni },
  title = { Feasibility of self-correcting quantum memory and thermal stability of topological order },
  journal = { Annals of Physics },
  year = { 2011 },
  volume = { 326 },
  issue = { 10 },
  pages = { 2566--2633 },
  doi = {10.1016/j.aop.2011.06.001},
  url = {http://doi.org/10.1016/j.aop.2011.06.001},
}

@article{Yoshinaga2022Ising,
  title = {Emergence of {H}ilbert Space Fragmentation in {I}sing Models with a Weak Transverse Field},
  author = {Yoshinaga, Atsuki and Hakoshima, Hideaki and Imoto, Takashi and Matsuzaki, Yuichiro and Hamazaki, Ryusuke},
  journal = {Phys. Rev. Lett.},
  volume = {129},
  issue = {9},
  pages = {090602},
  numpages = {8},
  year = {2022},
  month = {Aug},
  publisher = {American Physical Society},
  doi = {10.1103/PhysRevLett.129.090602},
  url = {https://link.aps.org/doi/10.1103/PhysRevLett.129.090602}
}

@article{Yuan2020Fractonic,
  author = { Yuan, Jian-Keng and Chen, Shuai A. and Ye, Peng },
  title = { Fractonic superfluids },
  journal = { Phys. Rev. Research },
  year = { 2020 },
  volume = { 2 },
  issue = { 2 },
  pages = { 023267 },
  doi = {10.1103/PhysRevResearch.2.023267},
  url = {http://doi.org/10.1103/PhysRevResearch.2.023267}
}
